@article{DBLP:journals/iandc/HylandO00,
  author    = {J. M. E. Hyland and
               C.{-}H. Luke Ong},
  title     = {On Full Abstraction for {PCF:} {I}, {II}, and {III}},
  journal   = {Inf. Comput.},
  volume    = {163},
  number    = {2},
  pages     = {285--408},
  year      = {2000},
  url       = {http://dx.doi.org/10.1006/inco.2000.2917},
  doi       = {10.1006/inco.2000.2917},
  timestamp = {Wed, 06 Jul 2011 21:24:20 +0200},
  biburl    = {http://dblp.uni-trier.de/rec/bib/journals/iandc/HylandO00},
  bibsource = {dblp computer science bibliography, http://dblp.org}
}



@article{DBLP:journals/tcs/KerNO02,
  author    = {Andrew D. Ker and
               Hanno Nickau and
               C.{-}H. Luke Ong},
  title     = {Innocent game models of untyped lambda-calculus},
  journal   = {Theor. Comput. Sci.},
  volume    = {272},
  number    = {1-2},
  pages     = {247--292},
  year      = {2002},
  url       = {http://dx.doi.org/10.1016/S0304-3975(00)00353-4},
  doi       = {10.1016/S0304-3975(00)00353-4},
  timestamp = {Wed, 19 Nov 2003 16:10:54 +0100},
  biburl    = {http://dblp.uni-trier.de/rec/bib/journals/tcs/KerNO02},
  bibsource = {dblp computer science bibliography, http://dblp.org}
}


@inproceedings{DBLP:conf/icfp/NeatherwayRO12,
  author    = {Robin P. Neatherway and
               Steven J. Ramsay and
               C.{-}H. Luke Ong},
  title     = {A traversal-based algorithm for higher-order model checking},
  booktitle = {{ACM} {SIGPLAN} International Conference on Functional Programming,
               ICFP'12, Copenhagen, Denmark, September 9-15, 2012},
  pages     = {353--364},
  year      = {2012},  url       = {http://doi.acm.org/10.1145/2364527.2364578},
  doi       = {10.1145/2364527.2364578},
  timestamp = {Tue, 10 Jun 2014 17:27:41 +0200},
  biburl    = {http://dblp.uni-trier.de/rec/bib/conf/icfp/NeatherwayRO12},
  bibsource = {dblp computer science bibliography, http://dblp.org}
}



@article{ong2015,
  author    = {C.{-}H. Luke Ong},
  title     = {Normalisation by Traversals},
  journal   = {CoRR},
  volume    = {abs/1511.02629},
  year      = {2015},
  url       = {http://arxiv.org/abs/1511.02629},
  timestamp = {Tue, 01 Dec 2015 19:22:34 +0100},
  biburl    = {http://dblp.uni-trier.de/rec/bib/journals/corr/Ong15a},
  bibsource = {dblp computer science bibliography, http://dblp.org}
}

@inproceedings{abramskyMcCusker97,
  author    = {S. Abramsky and
               G. McCusker},
  title     = {Game Semantics},
  booktitle = {Computational Logic: Proceedings of the 1997 Marktoberdorf Summer School},
  publisher = {Springer Verlag},
  pages     = {1--56},    
  year      = {1999},
  url       = {http://www.cs.ox.ac.uk/mail.ps.gz}
}

@inproceedings{DBLP:conf/tacs/AbramskyMJ94,
  author    = {Samson Abramsky and
               Pasquale Malacaria and
               Radha Jagadeesan},
  title     = {Full Abstraction for {PCF}},
  booktitle = {Theoretical Aspects of Computer Software, International Conference
               {TACS} '94, Sendai, Japan, April 19-22, 1994, Proceedings},
  pages     = {1--15},
  year      = {1994},
  url       = {http://dx.doi.org/10.1007/3-540-57887-0_87},
  doi       = {10.1007/3-540-57887-0_87},
  timestamp = {Tue, 14 Jun 2011 20:35:50 +0200},
  biburl    = {http://dblp.uni-trier.de/rec/bib/conf/tacs/AbramskyMJ94},
  bibsource = {dblp computer science bibliography, http://dblp.org}
}



@book{JGS93,
  author    = {Neil D. Jones and
               Carsten K. Gomard and
               Peter Sestoft},
  title     = {Partial evaluation and automatic program generation},
  series    = {Prentice Hall international series in computer science},
  publisher = {Prentice Hall},
  year      = {1993},
  isbn      = {978-0-13-020249-9},
  timestamp = {Fri, 08 Apr 2011 18:21:02 +0200},
  biburl    = {http://dblp.uni-trier.de/rec/bib/books/daglib/0072559},
  bibsource = {dblp computer science bibliography, http://dblp.org}
}



@proceedings{DBLP:conf/cc/1980,
  editor    = {Neil D. Jones},
  title     = {Semantics-Directed Compiler Generation, Proceedings of a Workshop,
               Aarhus, Denmark, January 14-18, 1980},
  series    = {Lecture Notes in Computer Science},
  volume    = {94},
  publisher = {Springer},
  year      = {1980},
  isbn      = {3-540-10250-7},
  timestamp = {Wed, 13 Nov 2002 14:55:21 +0100},
  biburl    = {http://dblp.uni-trier.de/rec/bib/conf/cc/1980},
  bibsource = {dblp computer science bibliography, http://dblp.org}
}

@inproceedings{DBLP:conf/cc/Schmidt80,
  author    = {David A. Schmidt},
  title     = {State transition machines for lambda calculus expressions},
  booktitle = {Semantics-Directed Compiler Generation, Proceedings of a Workshop,
               Aarhus, Denmark, January 14-18, 1980},
  pages     = {415--440},
  year      = {1980},
  crossref  = {DBLP:conf/cc/1980},
  url       = {http://dx.doi.org/10.1007/3-540-10250-7_32},
  doi       = {10.1007/3-540-10250-7_32},
  timestamp = {Thu, 15 Oct 2009 09:24:44 +0200},
  biburl    = {http://dblp.uni-trier.de/rec/bib/conf/cc/Schmidt80},
  bibsource = {dblp computer science bibliography, http://dblp.org}
}


@book{DBLP:books/sp/JonesM78,
  author    = {Neil D. Jones and
               Steven S. Muchnick},
  title     = {{TEMPO:} {A} Unified Treatment of Binding Time and Parameter Passing
               Concepts in Programming Languages},
  series    = {Lecture Notes in Computer Science},
  volume    = {66},
  publisher = {Springer},
  year      = {1978},
  url       = {http://dx.doi.org/10.1007/3-540-09085-1},
  doi       = {10.1007/3-540-09085-1},
  isbn      = {3-540-09085-1},
  timestamp = {Fri, 24 Jun 2011 20:39:19 +0200},
  biburl    = {http://dblp.uni-trier.de/rec/bib/books/sp/JonesM78},
  bibsource = {dblp computer science bibliography, http://dblp.org}
}



@article{DBLP:journals/jfp/Jones01,
  author    = {Neil D. Jones},
  title     = {The expressive power of higher-order types or, life without {CONS}},
  journal   = {J. Funct. Program.},
  volume    = {11},
  number    = {1},
  pages     = {5--94},
  year      = {2001},
  url       = {http://journals.cambridge.org/action/displayAbstract?aid=68581},
  timestamp = {Fri, 10 Jun 2011 14:42:13 +0200},
  biburl    = {http://dblp.uni-trier.de/rec/bib/journals/jfp/Jones01},
  bibsource = {dblp computer science bibliography, http://dblp.org}
}



@article{DBLP:journals/jacm/JonesM77,
  author    = {Neil D. Jones and
               Steven S. Muchnick},
  title     = {Even Simple Programs Are Hard To Analyze},
  journal   = {J. {ACM}},
  volume    = {24},
  number    = {2},
  pages     = {338--350},
  year      = {1977},
  url       = {http://doi.acm.org/10.1145/322003.322016},
  doi       = {10.1145/322003.322016},
  timestamp = {Thu, 20 Nov 2003 12:28:13 +0100},
  biburl    = {http://dblp.uni-trier.de/rec/bib/journals/jacm/JonesM77},
  bibsource = {dblp computer science bibliography, http://dblp.org}
}



@article{DBLP:journals/jacm/JonesM78,
  author    = {Neil D. Jones and
               Steven S. Muchnick},
  title     = {The Complexity of Finite Memory Programs with Recursion},
  journal   = {J. {ACM}},
  volume    = {25},
  number    = {2},
  pages     = {312--321},
  year      = {1978},
  url       = {http://doi.acm.org/10.1145/322063.322074},
  doi       = {10.1145/322063.322074},
  timestamp = {Thu, 20 Nov 2003 12:28:13 +0100},
  biburl    = {http://dblp.uni-trier.de/rec/bib/journals/jacm/JonesM78},
  bibsource = {dblp computer science bibliography, http://dblp.org}
}


@inproceedings{DBLP:conf/ershov/JonesH14,
  author    = {Neil D. Jones and
               Geoff W. Hamilton},
  title     = {Asymptotic Speedups, Bisimulation and Distillation (Work in Progress)},
  booktitle = {Perspectives of System Informatics - 9th International Ershov Informatics
               Conference, {PSI} 2014, St. Petersburg, Russia, June 24-27, 2014.
               Revised Selected Papers},
  pages     = {177--185},
  year      = {2014},
    url       = {http://dx.doi.org/10.1007/978-3-662-46823-4_15},
  doi       = {10.1007/978-3-662-46823-4_15},
  timestamp = {Mon, 20 Apr 2015 19:59:08 +0200},
  biburl    = {http://dblp.uni-trier.de/rec/bib/conf/ershov/JonesH14},
  bibsource = {dblp computer science bibliography, http://dblp.org}
}

@inproceedings{META14,
  author    = {Neil D. Jones and
               Geoff W. Hamilton},
  title     = {Towards Understanding Superlinear Speedup by Distillation},
  booktitle = {Fourth Valentin Turchin Workshop on Metacomputation},
  publisher = {Ailamazayan Program Systems Institute of RAS (Russia)},
  pages     = {94--123},
  year      = {2014}
  }



@inproceedings{blumong2008,
  author    = {William Blum and
               Luke Ong},
  title     = {A Concrete Presentation of Game Semantics},
  booktitle = {Galop 2008:Games for Logic and Programming Languages},  
  year      = {2008}
  }
  
  @article{lmcs09,
  title = "The Safe Lambda Calculus",
  author = "William Blum and C.-H. Luke Ong",
  year = "2009",
  affiliation = "Univesity of Oxford",
  journal = "Logic Methods in Computer Science",
  number = "1",
  publisher = "LMCS",
  url = "http://www.lmcs-online.org/ojs/viewarticle.php?id=424&amp;layout=abstract",
  volume = "5",
  doi = "10.2168/LMCS-5(1:3)2009",
}



@article{DBLP:journals/tcs/Plotkin75,
  author    = {Gordon D. Plotkin},
  title     = {Call-by-Name, Call-by-Value and the lambda-Calculus},
  journal   = {Theor. Comput. Sci.},
  volume    = {1},
  number    = {2},
  pages     = {125--159},
  year      = {1975},
  url       = {http://dx.doi.org/10.1016/0304-3975(75)90017-1},
  doi       = {10.1016/0304-3975(75)90017-1},
  timestamp = {Wed, 07 Sep 2011 12:13:20 +0200},
  biburl    = {http://dblp.uni-trier.de/rec/bib/journals/tcs/Plotkin75},
  bibsource = {dblp computer science bibliography, http://dblp.org}
}



@article{DBLP:journals/tcs/Plotkin77,
  author    = {Gordon D. Plotkin},
  title     = {{LCF} Considered as a Programming Language},
  journal   = {Theor. Comput. Sci.},
  volume    = {5},
  number    = {3},
  pages     = {223--255},
  year      = {1977},
  url       = {http://dx.doi.org/10.1016/0304-3975(77)90044-5},
  doi       = {10.1016/0304-3975(77)90044-5},
  timestamp = {Wed, 07 Sep 2011 12:13:20 +0200},
  biburl    = {http://dblp.uni-trier.de/rec/bib/journals/tcs/Plotkin77},
  bibsource = {dblp computer science bibliography, http://dblp.org}
}



  